@Article{Efron1979,
  Title                    = {Bootstrap methods: Another look at the jackknife},
  Author                   = {Efron, Bradley},
  Journal                  = {The Annals of Statistics},
  Year                     = {1979},
  Number                   = {1},
  Pages                    = {1--26},
  Volume                   = {7},

  Owner                    = {Bojan},
  Publisher                = {JSTOR},
  Timestamp                = {2015.09.04}
}

@Article{Pigott2001,
  Title                    = {A review of methods for missing data},
  Author                   = {Pigott, Therese D},
  Journal                  = {Educational research and evaluation},
  Year                     = {2001},
  Number                   = {4},
  Pages                    = {353--383},
  Volume                   = {7},

  Publisher                = {Taylor \& Francis}
}

@Article{Wei2011,
  Title                    = {The application of naive {B}ayes model averaging to predict {A}lzheimer's disease from genome-wide data},
  Author                   = {Wei, Wei and Visweswaran, Shyam and Cooper, Gregory F},
  Journal                  = {Journal of the American Medical Informatics Association},
  Year                     = {2011},
  Number                   = {4},
  Pages                    = {370--375},
  Volume                   = {18},

  Owner                    = {Bojan},
  Publisher                = {The Oxford University Press},
  Timestamp                = {2015.09.10}
}
